<?xml version="1.0" encoding="UTF-8"?><collection xmlns="http://www.loc.gov/MARC21/slim"><record><leader>00544nam--2200193-i-4500</leader><controlfield tag="001">000025171</controlfield><controlfield tag="002">20161230</controlfield><controlfield tag="005">20161230201035</controlfield><controlfield tag="008">060222s1000------------r-----000-0-eng-d</controlfield><datafield ind1=" " ind2=" " tag="040"><subfield code="a">IFIN-HH</subfield></datafield><datafield ind1=" " ind2=" " tag="080"><subfield code="a">533.951.8(035.5)</subfield></datafield><datafield ind1="1" ind2=" " tag="100"><subfield code="a">Cap, Ferdinand F</subfield></datafield><datafield ind1="1" ind2="0" tag="245"><subfield code="a">Handbook on plasma instabilities</subfield><subfield code="c">Ferdinand f. cap</subfield></datafield><datafield ind1=" " ind2=" " tag="260"><subfield code="a">New York, Academic Press,</subfield></datafield><datafield ind1=" " ind2=" " tag="300"><subfield code="a">3 volume</subfield></datafield><datafield ind1=" " ind2=" " tag="490"><subfield code="a">Academic Press Rapid Manuscript Reproduction</subfield></datafield><datafield ind1=" " ind2=" " tag="787"><subfield code="a">vol. 3</subfield><subfield code="d">1982</subfield><subfield code="h">/1010/1479 p</subfield></datafield><datafield ind1=" " ind2=" " tag="852"><subfield code="a">42429</subfield><subfield code="c">533.9</subfield></datafield><datafield ind1=" " ind2=" " tag="CAT"><subfield code="a">Sys</subfield><subfield code="c">20100927</subfield><subfield code="h">105513</subfield></datafield></record></collection>